<?xml version="1.0" encoding="UTF-8"?><record xmlns="http://www.loc.gov/MARC21/slim" xmlns:cinclude="http://apache.org/cocoon/include/1.0" xmlns:zs="http://www.loc.gov/zing/srw/">
  <leader>01362cz  a2200265n  4500</leader>
  <controlfield tag="001">n  85266974 </controlfield>
  <controlfield tag="003">DLC</controlfield>
  <controlfield tag="005">20140709135416.0</controlfield>
  <controlfield tag="008">860317n| azannaabn          |b aaa      </controlfield>
  <datafield tag="010" ind1=" " ind2=" ">
    <subfield code="a">n  85266974 </subfield>
    <subfield code="z">n 2002037092</subfield>
  </datafield>
  <datafield tag="035" ind1=" " ind2=" ">
    <subfield code="a">(OCoLC)oca01560314</subfield>
  </datafield>
  <datafield tag="040" ind1=" " ind2=" ">
    <subfield code="a">DLC</subfield>
    <subfield code="b">eng</subfield>
    <subfield code="c">DLC</subfield>
    <subfield code="d">DLC</subfield>
    <subfield code="d">OCoLC</subfield>
    <subfield code="d">Uk</subfield>
    <subfield code="d">CSt</subfield>
    <subfield code="e">rda</subfield>
    <subfield code="d">DLC</subfield>
  </datafield>
  <datafield tag="100" ind1="1" ind2=" ">
    <subfield code="a">Talbi, Mohamed,</subfield>
    <subfield code="d">1920-</subfield>
  </datafield>
  <datafield tag="400" ind1="1" ind2=" ">
    <subfield code="a">Ṭālibī, Muhammad,</subfield>
    <subfield code="d">1920-</subfield>
  </datafield>
  <datafield tag="400" ind1="1" ind2=" ">
    <subfield code="a">Talbi, Mohammed,</subfield>
    <subfield code="d">1920-</subfield>
  </datafield>
  <datafield tag="400" ind1="1" ind2=" ">
    <subfield code="a">الطالبي، محمد,</subfield>
    <subfield code="d">1920-</subfield>
  </datafield>
  <datafield tag="400" ind1="1" ind2=" ">
    <subfield code="a">طالبي، محمد,</subfield>
    <subfield code="d">1920-</subfield>
  </datafield>
  <datafield tag="667" ind1=" " ind2=" ">
    <subfield code="a">Machine-derived non-Latin script reference project.</subfield>
  </datafield>
  <datafield tag="667" ind1=" " ind2=" ">
    <subfield code="a">Non-Latin script references not evaluated.</subfield>
  </datafield>
  <datafield tag="670" ind1=" " ind2=" ">
    <subfield code="a">His Etudes d'histoire ifriqiyenne et de civilisation musulmane médiévale, 1982:</subfield>
    <subfield code="b">t.p. (Mohamed Talbi) added t.p. (Muḥammad al-Ṭālibī)</subfield>
  </datafield>
  <datafield tag="670" ind1=" " ind2=" ">
    <subfield code="a">LC data base, 2-11-86</subfield>
    <subfield code="b">(hdg.: Talbi, Mohamed)</subfield>
  </datafield>
  <datafield tag="670" ind1=" " ind2=" ">
    <subfield code="a">His Un respect têtu, c1989:</subfield>
    <subfield code="b">t.p. (Mohamed Talbi) cover p. 4 (b. 1920, in Tunis; historien)</subfield>
  </datafield>
  <datafield tag="670" ind1=" " ind2=" ">
    <subfield code="a">Plaidoyer pour un islam moderne, 1998:</subfield>
    <subfield code="b">t.p. (Mohamed Talbi) p. 4 cover (b. 1920)</subfield>
  </datafield>
  <datafield tag="670" ind1=" " ind2=" ">
    <subfield code="a">Penseur libre en islam, 2002:</subfield>
    <subfield code="b">t.p. (Mohammed Talbi) p. 7 (hon. prof. at Faculté des lettres et sciences humaines de Tunis; teaches hist. of Middle Ages)</subfield>
  </datafield>
  <datafield tag="670" ind1=" " ind2=" ">
    <subfield code="a">Afin que mon cœur se rassure, 2010-</subfield>
    <subfield code="b">v. 1, t.p. (Mohamed Talbi) v. 1, p. 4 of cover (b. Sept. 16, 1921)</subfield>
  </datafield>
</record>